<?xml version="1.0" encoding="UTF-8"?><collection xmlns="http://www.loc.gov/MARC21/slim"><record><leader>00539nam--2200181-i-4500</leader><controlfield tag="001">000027984</controlfield><controlfield tag="002">20161230</controlfield><controlfield tag="005">20161230201037</controlfield><controlfield tag="008">060222s1000------------r-----000-0-fre-d</controlfield><datafield ind1=" " ind2=" " tag="040"><subfield code="a">IFIN-HH</subfield></datafield><datafield ind1=" " ind2=" " tag="041"><subfield code="a">fre</subfield></datafield><datafield ind1=" " ind2=" " tag="080"><subfield code="a">015:535.33-1:535.375.5</subfield></datafield><datafield ind1="1" ind2=" " tag="100"><subfield code="a">Lautie, Alain M</subfield></datafield><datafield ind1="1" ind2="0" tag="245"><subfield code="a">Etude par spectrometrie infrarouge et sraman de la purine, du pyrrole et de quelques derives</subfield><subfield code="b">These</subfield><subfield code="c">Alain m. lautie</subfield></datafield><datafield ind1=" " ind2=" " tag="260"><subfield code="a">Paris</subfield><subfield code="b">L`Universite De Paris Vi</subfield><subfield code="c">1971</subfield></datafield><datafield ind1=" " ind2=" " tag="300"><subfield code="a">11P</subfield></datafield><datafield ind1=" " ind2=" " tag="852"><subfield code="a">38129</subfield><subfield code="c">535.33</subfield></datafield><datafield ind1=" " ind2=" " tag="CAT"><subfield code="a">Sys</subfield><subfield code="c">20101206</subfield><subfield code="h">123640</subfield></datafield></record></collection>